<?xml version="1.0" encoding="UTF-8"?><collection xmlns="http://www.loc.gov/MARC21/slim"><record><leader>00546nam--2200193-i-4500</leader><controlfield tag="001">000037556</controlfield><controlfield tag="002">20161230</controlfield><controlfield tag="005">20161230201041</controlfield><controlfield tag="008">060222s1000------------r-----000-0-rus-d</controlfield><datafield ind1=" " ind2=" " tag="040"><subfield code="a">IFIN-HH</subfield></datafield><datafield ind1=" " ind2=" " tag="041"><subfield code="a">rus</subfield></datafield><datafield ind1=" " ind2=" " tag="080"><subfield code="a">681.7</subfield></datafield><datafield ind1="1" ind2=" " tag="100"><subfield code="a">Kissam, Philip</subfield></datafield><datafield ind1="1" ind2="0" tag="245"><subfield code="a">Opticeskie pribori</subfield><subfield code="b">Dlia tocinih ismerenii krupnogabaritnih izdelii</subfield><subfield code="c">Philip kissam</subfield></datafield><datafield ind1=" " ind2=" " tag="260"><subfield code="a">LENINGRAD</subfield><subfield code="b">Mashinostroenie</subfield><subfield code="c">1966</subfield></datafield><datafield ind1=" " ind2=" " tag="300"><subfield code="a">166p</subfield></datafield><datafield ind1=" " ind2=" " tag="500"><subfield code="a">Titlul Original In Limba Engleza: Optical Tooling</subfield></datafield><datafield ind1=" " ind2=" " tag="852"><subfield code="a">23575</subfield><subfield code="c">535</subfield></datafield><datafield ind1=" " ind2=" " tag="CAT"><subfield code="a">Sys</subfield><subfield code="c">20101025</subfield><subfield code="h">105221</subfield></datafield></record></collection>